@article{Malkewitz2023,
   author = {Camila Paola Malkewitz and Philipp Schwall and Christian Meesters and Jochen Hardt},
   doi = {10.1016/j.ssaho.2022.100368},
   issn = {25902911},
   issue = {1},
   journal = {Social Sciences & Humanities Open},
   pages = {100368},
   title = {Estimating reliability: A comparison of Cronbach's α, McDonald's ωt and the greatest lower bound},
   volume = {7},
   year = {2023},
}
@article{Karasz2022,
   author = {Judit T. Kárász and Olivér Nagybányai Nagy and Krisztián Széll and Szabolcs Takács},
   doi = {10.1556/0016.2022.00004},
   issn = {0025-0279},
   issue = {1},
   journal = {Magyar Pszichológiai Szemle},
   month = {4},
   pages = {81-98},
   title = {Cronbach-alfa: vele vagy nélküle?},
   volume = {77},
   year = {2022},
}
@booksection{Nagybanyai2006,
   author = {Olivér Nagybányai Nagy},
   editor = {Sándor Rózsa and Olivér Nagybányai Nagy and Attila Oláh},
   journal = {A pszichológiai mérés alapjai. Elmélet, módszer és gyakorlati alkalmazás},
   publisher = {Bölcsész Konzorcium},
   title = {A pszichológiai tesztek reliabilitása},
   url = {https://mek.oszk.hu/05500/05536/05536.pdf},
   year = {2006},
}
@book{CarverScheier2006,
   author = {Charles S. Carver and Michael F. Scheier},
   city = {Budapest},
   publisher = {Osiris Kiadó},
   title = {Személyiségpszichológia},
   year = {2006},
}
@article{Horn1965,
   author = {John L. Horn},
   doi = {10.1007/BF02289447},
   issn = {0033-3123},
   issue = {2},
   journal = {Psychometrika},
   month = {6},
   pages = {179-185},
   title = {A rationale and test for the number of factors in factor analysis},
   volume = {30},
   year = {1965},
}
@article{Watkins2018,
   abstract = {<p>Exploratory factor analysis (EFA) is a multivariate statistical method that has become a fundamental tool in the development and validation of psychological theories and measurements. However, researchers must make several thoughtful and evidence-based methodological decisions while conducting an EFA, and there are a number of options available at each decision point, some better than others. Reviews of the professional literature have consistently found that many applications of EFA are marked by an injudicious choice of methods and incomplete reports. This article provides a systematic, evidence-based guide to the conduct of EFA studies that can be followed by researchers with modest statistical training, supplemented with an example to illustrate its application.</p>},
   author = {Marley W. Watkins},
   doi = {10.1177/0095798418771807},
   issn = {0095-7984},
   issue = {3},
   journal = {Journal of Black Psychology},
   month = {4},
   pages = {219-246},
   title = {Exploratory Factor Analysis: A Guide to Best Practice},
   volume = {44},
   year = {2018},
}
@article{Rozsa2019,
   author = {Sándor Rózsa and Ernő Hupuczi and László Martin and Béla Birkás and István Hartung and Rita Hargitai and József Varga and András Láng and István Tiringer and János Kállai},
   doi = {10.1556/0406.20.2019.003},
   issn = {1419-8126},
   issue = {1},
   journal = {Mentálhigiéné és Pszichoszomatika},
   month = {3},
   pages = {35-77},
   title = {A Tellegen Abszorpciós Skála részletes pszichometriai elemzése},
   volume = {20},
   year = {2019},
}
@book{SajtosMitev2007,
   author = {László Sajtos and Ariel Mitev},
   city = {Budapest},
   publisher = {Alinea Kiadó},
   title = {SPSS kutatási és adatelemzési kézikönyv},
   year = {2007},
}
@book{TakacsBev22017,
   author = {Szabolcs Takács},
   city = {Budapest},
   publisher = {Antarész Kiadó},
   title = {Bevezetés a matematikai statisztikába 2. Többváltozós statisztikai módszerek},
   year = {2017},
}
@book{SzekelyiBarna2002,
   author = {Mária Székelyi and Ildikó Barna},
   city = {Budapest},
   publisher = {Typotex Kiadó},
   title = {Túlélőkészlet az SPSS-hez. Többváltozós elemzési technikáról társadalomkutatók számára},
   year = {2002},
}
@book{Moksony2006,
   author = {Ferenc Moksony},
   city = {Budapest},
   publisher = {Aula Kiadó},
   title = {Gondolatok és adatok. Társadalomtudományi elméletek empirikus ellenőrzése},
   year = {2006},
}
@book{MalhotraSimon2008,
   author = {Naresh K. Malhotra and Judit Simon},
   city = {Budapest},
   publisher = {Akadémiai Kiadó},
   title = {Marketingkutatás},
   year = {2008},
}
@book{Varga2019,
   author = {András Varga},
   city = {Budapest},
   publisher = {Pólya Kiadó},
   title = {Többváltozós statisztika dióhéjban: Változó-orientált módszerek},
   year = {2019},
}
@book{KetskemetyIzso2005,
   author = {László Ketskeméty and Lajos Izsó},
   city = {Budapest},
   publisher = {ELTE Eötvös Kiadó},
   title = {Bevezetés az SPSS programrendszerbe - Módszertani útmutató és feladatgyűjtemény statisztikai elemzésekhez},
   year = {2005},
}
@book{MunnichNagyAbari2006,
   author = {Ákos Münnich and Ágnes Nagy and Kálmán Abari},
   publisher = {Bölcsész Konzorcium},
   title = {Többváltozós statisztika pszichológus hallgatók számára},
   url = {http://psycho.unideb.hu/statisztika},
   year = {2006},
}
@webpage{Csallner2015,
   author = {András Erik Csallner},
   title = {Bevezetés az SPSS statisztikai programcsomag használatába},
   url = {http://www.jgypk.hu/tamop15e/tananyag_html/spss/index.html},
   year = {2015},
}

@webpage{NavarroFoxcroft2022,
   author = {Danielle J. Navarro and David R. Foxcroft},
   title = {learning statistics with jamovi},
   url = {https://www.learnstatswithjamovi.com/},
   year = {2022},
}


@article{Abrahametal2020,
   author = {Juneman Abraham and Moondore Madalina Ali and Esther Widhi Andangsari and Lisa Esti Puji Hartanti},
   doi = {10.1016/j.dib.2020.106417},
   issn = {23523409},
   journal = {Data in Brief},
   month = {12},
   pages = {106417},
   title = {Confirmatory factor analysis of celebrity worship, digital literacy, and nostalgia: Dataset of Indonesians},
   volume = {33},
   year = {2020},
}
